<collection xmlns="http://www.loc.gov/MARC21/slim">
<record>
  <leader>02257nam0a2200361 i 450 </leader>
  <controlfield tag="001">IT\ICCU\CNCE\009525</controlfield>
  <controlfield tag="005">20041008000000.0</controlfield>
  <datafield tag="012" ind1=" " ind2=" ">
    <subfield code="a">r-Mu 94it e-a- neIn (3) 1548 (A)</subfield>
    <subfield code="2">fei</subfield>
  </datafield>
  <datafield tag="100" ind1=" " ind2=" ">
    <subfield code="a">19970101d1548        0itac0103    ba</subfield>
  </datafield>
  <datafield tag="101" ind1=" " ind2=" ">
    <subfield code="a">LAT</subfield>
  </datafield>
  <datafield tag="102" ind1=" " ind2=" ">
    <subfield code="a">IT</subfield>
  </datafield>
  <datafield tag="200" ind1="1" ind2=" ">
    <subfield code="a">Chronicorum libellus, maximas quasque resgestas ab initio mundi ad hoc usque tempora apto ordine complectens, ita uta quibus annis &amp; rerum uicissitudines, et insigna quaeque acciderit quam rectissime sciri possit. Io Carione mathematico authore.His accessit historia a Gulielmo Paradino recens scripta de rebus gestis in Belgica, anno 1543</subfield>
  </datafield>
  <datafield tag="210" ind1=" " ind2=" ">
    <subfield code="a">Venetijs</subfield>
    <subfield code="c">ad signum spei</subfield>
    <subfield code="d">1548</subfield>
  </datafield>
  <datafield tag="215" ind1=" " ind2=" ">
    <subfield code="a">\32!, 478 \i.e.480!, \48! p.</subfield>
    <subfield code="d">16ʻ</subfield>
  </datafield>
  <datafield tag="620" ind1=" " ind2=" ">
    <subfield code="a">IT</subfield>
    <subfield code="d">Venezia</subfield>
  </datafield>
  <datafield tag="700" ind1=" " ind2="1">
    <subfield code="a">Carion,</subfield>
    <subfield code="b">Johannes</subfield>
    <subfield code="3">IT\ICCU\CNCA\002648</subfield>
  </datafield>
  <datafield tag="702" ind1=" " ind2="1">
    <subfield code="a">Paradin,</subfield>
    <subfield code="b">Guillaume</subfield>
    <subfield code="3">IT\ICCU\CNCA\002218</subfield>
  </datafield>
  <datafield tag="712" ind1="0" ind2="2">
    <subfield code="a">℗al segno della ℗Speranza</subfield>
    <subfield code="3">IT\ICCU\CNCT\000116</subfield>
    <subfield code="4">650</subfield>
  </datafield>
  <datafield tag="790" ind1=" " ind2="1">
    <subfield code="a">Paradinus,</subfield>
    <subfield code="b">Gulielmus</subfield>
    <subfield code="3">IT\ICCU\CNCA\014313</subfield>
    <subfield code="z">Paradin, Guillaume</subfield>
  </datafield>
  <datafield tag="790" ind1=" " ind2="1">
    <subfield code="a">Paradin de Cuyseaulx,</subfield>
    <subfield code="b">Guillaume</subfield>
    <subfield code="3">IT\ICCU\CNCA\014691</subfield>
    <subfield code="z">Paradin, Guillaume</subfield>
  </datafield>
  <datafield tag="791" ind1="0" ind2="2">
    <subfield code="a">℗ad signum ℗Spei</subfield>
    <subfield code="3">IT\ICCU\CNCT\002890</subfield>
    <subfield code="z">℗al segno della ℗Speranza</subfield>
  </datafield>
  <datafield tag="801" ind1=" " ind2="3">
    <subfield code="a">IT</subfield>
    <subfield code="b">ICCU</subfield>
    <subfield code="c">20201113</subfield>
  </datafield>
  <datafield tag="899" ind1=" " ind2=" ">
    <subfield code="a">Biblioteca comunale. Castiglion Fiorentino</subfield>
    <subfield code="z">MUTILO</subfield>
    <subfield code="1">AR0023</subfield>
    <subfield code="2">RT1 QC</subfield>
  </datafield>
  <datafield tag="899" ind1=" " ind2=" ">
    <subfield code="a">Pontificia Biblioteca Antoniana. Padova</subfield>
    <subfield code="1">EX0020</subfield>
    <subfield code="2">PUV 78</subfield>
  </datafield>
  <datafield tag="899" ind1=" " ind2=" ">
    <subfield code="a">Biblioteca Marucelliana. Firenze</subfield>
    <subfield code="1">FI0101</subfield>
    <subfield code="2">CFI MF</subfield>
  </datafield>
  <datafield tag="899" ind1=" " ind2=" ">
    <subfield code="a">Biblioteca del Seminario vescovile. Lodi</subfield>
    <subfield code="1">LO0023</subfield>
    <subfield code="2">PBE 28</subfield>
  </datafield>
  <datafield tag="899" ind1=" " ind2=" ">
    <subfield code="a">Biblioteca nazionale Braidense. Milano</subfield>
    <subfield code="1">MI0185</subfield>
    <subfield code="2">MIL NB</subfield>
  </datafield>
  <datafield tag="899" ind1=" " ind2=" ">
    <subfield code="a">Biblioteca civica Luigi Parazzi. Viadana</subfield>
    <subfield code="1">MN0089</subfield>
    <subfield code="2">ZMN 07</subfield>
  </datafield>
  <datafield tag="899" ind1=" " ind2=" ">
    <subfield code="a">Biblioteca nazionale Vittorio Emanuele III. Napoli</subfield>
    <subfield code="1">NA0079</subfield>
    <subfield code="2">NAP BN</subfield>
  </datafield>
  <datafield tag="899" ind1=" " ind2=" ">
    <subfield code="a">Biblioteca comunale Sperelliana. Gubbio</subfield>
    <subfield code="1">PG0049</subfield>
    <subfield code="2">UM1 11</subfield>
  </datafield>
  <datafield tag="899" ind1=" " ind2=" ">
    <subfield code="a">Biblioteca del Seminario arcivescovile di Milano. Venegono Inferiore</subfield>
    <subfield code="1">VA0122</subfield>
    <subfield code="2">ZVA 04</subfield>
  </datafield>
  <datafield tag="899" ind1=" " ind2=" ">
    <subfield code="a">Biblioteca civica. Verona</subfield>
    <subfield code="1">VR0059</subfield>
    <subfield code="2">ZVR 02</subfield>
  </datafield>
  <datafield tag="921" ind1=" " ind2=" ">
    <subfield code="a">IT\ICCU\CNCM\000067</subfield>
    <subfield code="b">Speranza (donna rivolta verso il sole circondata da bauli casse e altri oggetti).</subfield>
    <subfield code="e">1) Beatus vir, cuius est Dominus spes eius: &amp; non respexit in vanitates, &amp; insanias falsas.</subfield>
    <subfield code="c">Z1127</subfield>
    <subfield code="d">Dimensioni: 4,5 x 5,5. Uguale a Z1126 ma con motto in latino.</subfield>
    <subfield code="f">BEATUSVIRC</subfield>
    <subfield code="f">SOLE</subfield>
    <subfield code="f">SPERANZA</subfield>
    <subfield code="g">1546-1560</subfield>
  </datafield>
</record>
</collection>
